<?xml version="1.0" encoding="UTF-8"?>
<collection xmlns:xsi="http://www.w3.org/2001/XMLSchema-instance" xsi:schemaLocation="http://www.loc.gov/MARC21/slim http://www.loc.gov/standards/marcxml/schema/MARC21slim.xsd" xmlns="http://www.loc.gov/MARC21/slim">
<record>
  <leader>00993cam a2200217   4500</leader>
  <controlfield tag="001">638176</controlfield>
  <controlfield tag="003">NNC</controlfield>
  <controlfield tag="005">20130520212357.0</controlfield>
  <controlfield tag="008">880405s1986    ir h     b    001 0 ara||</controlfield>
  <datafield tag="035" ind1=" " ind2=" ">
    <subfield code="a">(OCoLC)58978343</subfield>
  </datafield>
  <datafield tag="035" ind1=" " ind2=" ">
    <subfield code="a">(OCoLC)ocm58978343</subfield>
  </datafield>
  <datafield tag="035" ind1=" " ind2=" ">
    <subfield code="a">(CStRLIN)NYCG88-B23813</subfield>
  </datafield>
  <datafield tag="035" ind1=" " ind2=" ">
    <subfield code="a">(NNC)638176</subfield>
  </datafield>
  <datafield tag="035" ind1=" " ind2=" ">
    <subfield code="a">638176</subfield>
  </datafield>
  <datafield tag="100" ind1="1" ind2=" ">
    <subfield code="a">Sharīf al-Raḍī, Muḥammad ibn al-Ḥusayn,</subfield>
    <subfield code="d">969 or 970-1016.</subfield>
  </datafield>
  <datafield tag="245" ind1="1" ind2="0">
    <subfield code="a">Ḥaqāʾiq al-taʾwīl fī mutashābih al-tanzīl. al-Juzʾ al-khāmis /</subfield>
    <subfield code="c">taʾlīf Sharīf al-Raḍī ; sharahahu Muḥammad al-Riḍā Āl Kāshif al-Ghiṭāʾ ; daqqaqatʹhu lajnah ʻilmiyah min aʻdaʾ Muntada al-Nashr.</subfield>
  </datafield>
  <datafield tag="260" ind1=" " ind2=" ">
    <subfield code="a">Tihran :</subfield>
    <subfield code="b">Muʾassasat al-Biʻthah, qism al-dirasat al-Islamiyah,</subfield>
    <subfield code="c">1406[1986]</subfield>
  </datafield>
  <datafield tag="300" ind1=" " ind2=" ">
    <subfield code="a">510 p.:</subfield>
    <subfield code="b">facsim. ;</subfield>
    <subfield code="c">25 cm.</subfield>
  </datafield>
  <datafield tag="504" ind1=" " ind2=" ">
    <subfield code="a">Includes bibliographical references and indexes.</subfield>
  </datafield>
  <datafield tag="630" ind1="0" ind2="0">
    <subfield code="a">Qurʼan</subfield>
    <subfield code="x">Criticism, interpretation, etc.</subfield>
    <subfield code="v">Early works to 1800.</subfield>
  </datafield>
  <datafield tag="700" ind1="1" ind2=" ">
    <subfield code="a">Āl Kāshif al-Ghiṭāʼ, Muḥammad al-Riḍā.</subfield>
  </datafield>
  <datafield tag="955" ind1=" " ind2=" ">
    <subfield code="b">0064907090</subfield>
    <subfield code="d">glx</subfield>
    <subfield code="e">BP130.4 .S532 1986g</subfield>
  </datafield>
</record>
</collection>